@article{einstein,
    author = "Albert Einstein",
    title = "{Zur Elektrodynamik bewegter K{\"o}rper}. ({German})
    [{On} the electrodynamics of moving bodies]",
    journal = "Annalen der Physik",
    volume = "322",
    number = "10",
    pages = "891--921",
    year = "1905",
    DOI = "http://dx.doi.org/10.1002/andp.19053221004",
    keywords = "physics"
}

@book{dirac,
    title = {The Principles of Quantum Mechanics},
    author = {Paul Adrien Maurice Dirac},
    isbn = {9780198520115},
    series = {International series of monographs on physics},
    year = {1981},
    publisher = {Clarendon Press},
    keywords = {physics}
}

@online{wikipedia,
    author = "Desconocido",
    title = "Memoria (Informática)",
    url  = "https://es.wikipedia.org/wiki/Memoria_(informática)",
    addendum = "(accessed: 14.06.2020)",
    keywords = "Computer, memory"
}

@online{kingstone,
    author = "Desconocido",
    title = "La diferencia entre memoria y almacenamiento en computadoras",
    url  = "https://www.kingston.com/latam/community/articledetail/articleid/29689",
    addendum = "",
    keywords = "Memoria, Almacenamiento"
}

@online{google,
    author = "Desconocido",
    title = "Definiciones de Oxford Languages",
    url  = "https://www.google.com/search?client=firefox-b-d&ei=YrdWX8KEBM2y5gLejaqQBw&q=definicion+la+memoria&oq=definicion+la+memoria&gs_lcp=CgZwc3ktYWIQAzIGCAAQBxAeMgYIABAHEB4yBggAEAcQHjIGCAAQBxAeMgYIABAHEB4yBggAEAcQHjIGCAAQBxAeMgYIABAHEB4yBggAEAcQHjIGCAAQBxAeOgQIABBHULA7WKhGYORLaABwAXgAgAGsAogBwAySAQcxLjMuNS4xmAEAoAEBqgEHZ3dzLXdpesABAQ&sclient=psy-ab&ved=0ahUKEwjCvdD9jtjrAhVNmVkKHd6GCnIQ4dUDCAw&uact=5",
    addendum = "",
    keywords = "Memoria"
}

@inbook{referencia,
    author = "Augusto Salazar",
    title = "Taller-Nociones de la memoria del computador",
    publisher = "",
    year = "",
    chapter = "",
    keywords  = ""
}